<?xml version="1.0" encoding="UTF-8"?><collection xmlns="http://www.loc.gov/MARC21/slim"><record><leader>00378nam--2200133-i-4500</leader><controlfield tag="001">000041173</controlfield><controlfield tag="002">20161230</controlfield><controlfield tag="005">20161230201043</controlfield><controlfield tag="008">060222s1000------------r-----000-0-eng-d</controlfield><datafield ind1=" " ind2=" " tag="100"><subfield code="a">Seely, Samuel</subfield></datafield><datafield ind1=" " ind2=" " tag="245"><subfield code="a">Dynamic systems analysis</subfield></datafield><datafield ind1=" " ind2=" " tag="260"><subfield code="a">New York, Reinhold Publ.Corp., 1964, Xiii+514p</subfield></datafield><datafield ind1=" " ind2=" " tag="490"><subfield code="a">Reinhold Electrical Engineering Sciences Textbook Series</subfield></datafield><datafield ind1=" " ind2=" " tag="852"><subfield code="a">20421</subfield></datafield></record></collection>